<?xml version="1.0" encoding="UTF-8"?><collection xmlns="http://www.loc.gov/MARC21/slim"><record><leader>00574nam--2200169-i-4500</leader><controlfield tag="001">000017445</controlfield><controlfield tag="002">20161230</controlfield><controlfield tag="005">20170104002651</controlfield><controlfield tag="008">060222s1000------------r-----000-0-eng-d</controlfield><datafield ind1=" " ind2=" " tag="100"><subfield code="a">Abraham, Henri</subfield></datafield><datafield ind1=" " ind2=" " tag="245"><subfield code="a">Les quantites elementaires d`electricite sons, electrons, corcupuscupes, memoires reunis et et publies par..</subfield></datafield><datafield ind1=" " ind2=" " tag="260"><subfield code="a">Paris</subfield><subfield code="b">Gauthier-Villars</subfield><subfield code="c">1905</subfield></datafield><datafield ind1=" " ind2=" " tag="300"><subfield code="a">I+II XVI+1138 p. +2 F.Pl</subfield></datafield><datafield ind1=" " ind2=" " tag="490"><subfield code="a">Societe Francaise De Physique Collection De Memoires-relatifs A La Physique</subfield></datafield><datafield ind1=" " ind2=" " tag="700"><subfield code="a">Langevin, Paul</subfield></datafield><datafield ind1=" " ind2=" " tag="852"><subfield code="a">1082</subfield></datafield><datafield ind1=" " ind2=" " tag="CAT"><subfield code="a">SYS</subfield><subfield code="c">20170104</subfield><subfield code="h">002651</subfield></datafield></record></collection>